@article{barto1983neuronlike,
  title={Neuronlike adaptive elements that can solve difficult learning control problems},
  author={Barto, Andrew G and Sutton, Richard S and Anderson, Charles W},
  journal={IEEE transactions on systems, man, and cybernetics},
  number={5},
  pages={834--846},
  year={1983},
  publisher={IEEE}
}

@article{barto2020looking,
  title={Looking back on the actor--critic architecture},
  author={Barto, Andrew G and Sutton, Richard S and Anderson, Charles W},
  journal={IEEE Transactions on Systems, Man, and Cybernetics: Systems},
  volume={51},
  number={1},
  pages={40--50},
  year={2020},
  publisher={IEEE}
}
